<record><leader>00000cas a22000007a 4500</leader><controlfield tag="001">8807866</controlfield><controlfield tag="008">820925d19771980ctudn n       0   a0eng  </controlfield><controlfield tag="009">466</controlfield><datafield ind1=" " ind2=" " tag="010"><subfield code="a">sn 82015201 </subfield></datafield><datafield ind1=" " ind2=" " tag="040"><subfield code="a">DLC</subfield><subfield code="b">eng</subfield><subfield code="c">DLC</subfield><subfield code="d">CNW</subfield><subfield code="d">OCLCQ</subfield></datafield><datafield ind1="1" ind2=" " tag="029"><subfield code="a">AU@</subfield><subfield code="b">000025828417</subfield></datafield><datafield ind1=" " ind2=" " tag="037"><subfield code="b">Record-Journal, 11 Crown St., Meriden, CT 06450</subfield></datafield><datafield ind1=" " ind2=" " tag="042"><subfield code="a">msc</subfield></datafield><datafield ind1="0" ind2="4" tag="245"><subfield code="a">The Morning record and journal.</subfield></datafield><datafield ind1="1" ind2="7" tag="246"><subfield code="a">Record and journal</subfield><subfield code="f">Jan. 10-Feb. 12, 1977</subfield></datafield><datafield ind1=" " ind2=" " tag="260"><subfield code="a">Meriden, Conn. :</subfield><subfield code="b">Meriden Record Co.</subfield></datafield><datafield ind1=" " ind2=" " tag="300"><subfield code="a">v. :</subfield><subfield code="b">ill. ;</subfield><subfield code="c">57 cm.</subfield></datafield><datafield ind1=" " ind2=" " tag="310"><subfield code="a">Daily (except Sun. and certain holidays)</subfield></datafield><datafield ind1="0" ind2=" " tag="362"><subfield code="a">110th year, no. 7 (Jan. 10, 1977)-113th year, no. 206 (Aug. 30, 1980).</subfield></datafield><datafield ind1=" " ind2=" " tag="500"><subfield code="a">"Independent Republican."</subfield></datafield><datafield ind1=" " ind2=" " tag="530"><subfield code="a">Available on microfilm from UMI.</subfield></datafield><datafield ind1=" " ind2="4" tag="651"><subfield code="a">Meriden (Conn.)</subfield><subfield code="v">Newspapers.</subfield></datafield><datafield ind1=" " ind2=" " tag="752"><subfield code="a">United States</subfield><subfield code="b">Connecticut</subfield><subfield code="c">New Haven</subfield><subfield code="d">Meriden.</subfield></datafield><datafield ind1="0" ind2="4" tag="780"><subfield code="t">Morning record (Meriden, Conn. : 1963)</subfield><subfield code="w">(DLC)sn 92051315</subfield></datafield><datafield ind1="0" ind2="4" tag="780"><subfield code="t">Journal (Meriden, Conn.)</subfield><subfield code="w">(DLC)sn 92051346</subfield></datafield><datafield ind1="0" ind2="0" tag="785"><subfield code="t">Record-journal</subfield><subfield code="w">(DLC)sn 92051347</subfield></datafield></record>